<record xmlns:xsi="http://www.w3.org/2001/XMLSchema-instance" xmlns="http://www.loc.gov/MARC21/slim" xsi:schemaLocation="http://www.loc.gov/MARC21/slim http://www.loc.gov/standards/marcxml/schema/MARC21slim.xsd">

  <leader>00455nam a2200145Ia 4500</leader>
  <controlfield tag="008">150730b2001    fr ||||| |||| 00| | spa d</controlfield>
  <datafield ind1=" " ind2=" " tag="020">
    <subfield code="a">2911220072</subfield>
  </datafield>
  <datafield ind2=" " tag="090" ind1=" ">
    <subfield code="a">08.16.01 </subfield>
    <subfield code="b">1877</subfield>
  </datafield>
  <datafield ind1="1" tag="100" ind2=" ">
    <subfield code="a">Cloutier, Jean</subfield>
    <subfield code="9">608</subfield>
  </datafield>
  <datafield ind1="1" ind2="0" tag="245">
    <subfield code="a">Petit traité de communication: EMEREC a l' heure des technologies numériques / </subfield>
    <subfield code="c">Jean Cloutier</subfield>
  </datafield>
  <datafield ind2=" " tag="260" ind1=" ">
    <subfield code="a">Francia :</subfield>
    <subfield code="b"> Atelier Perrousseaux, </subfield>
    <subfield code="c">2001</subfield>
  </datafield>
  <datafield ind1=" " tag="300" ind2=" ">
    <subfield code="a">101 páginas</subfield>
  </datafield>
  <datafield ind1="1" tag="650" ind2="4">
    <subfield code="a">COMUNICACIÓN</subfield>
    <subfield code="9">150</subfield>
  </datafield>
  <datafield ind1=" " tag="942" ind2=" ">
    <subfield code="2">z</subfield>
    <subfield code="c">01</subfield>
  </datafield>
  <datafield ind1=" " tag="999" ind2=" ">
    <subfield code="c">139</subfield>
    <subfield code="d">139</subfield>
  </datafield>
</record>